%%%%%%%%%%%%%%%%%%%%%%%%%%%%% Journal Papers    %%%%%%%%%%%%%%%%%%%%%%%%%%%%%%%%
@article{BSRC10,
  author = {David Benavides and Sergio Segura and Antonio Ruiz-Cort\'es},
  title = {{Automated Analysis of Feature Models 20 Years Later: A Literature Review}},
  journal = {Information Systems},
  pages = {615--708},
  volume = {35},
  number = {6},
  tt-tags = {Feature Modeling,Survey,SAT,BDD,CSP},
  year = 2010
}

@article{GBT+19,
  author = {Galindo, José A. and Benavides, David and Trinidad, Pablo and Gutiérrez-Fern\'{a}ndez, Antonio-Manuel and Ruiz-Cortés, Antonio},
  title = {{Automated Analysis of Feature Models: Quo Vadis?}},
  journal = {Computing},
  volume = {101},
  number = {5},
  pages = {387--433},
  acmid = {3335015},
  publisher = Springer,
  keywords = {68T35, Automated analysis, Feature models, Software product lines, Variability-intensive systems},
  tt-tags = {Feature-Model Analysis,Survey,Download},
  tc-tags = {classified by Thomas,feature-model analysis,family-based analysis,implementation independent,specification independent},
  year = 2019
}

@inproceedings{useBTRC05,
  author = {David Benavides and Antonio Ruiz-Cort\'es and Pablo Trinidad},
  title = {{Automated Reasoning on Feature Models}},
  booktitle = CAiSE,
  pages = {491--503},
  tt-tags = {Feature Modeling},
  year = 2005
}

%%%%%%%%%%%%%%%%%%%%%%%%%%%%% Texbook Chapters  %%%%%%%%%%%%%%%%%%%%%%%%%%%%%%%%
@inproceedings{AKTS:FOSD16,
  author = {Ananieva, Sofia and Kowal, Matthias and Th\"{u}m, Thomas and Schaefer, Ina},
  title = {{Implicit Constraints in Partial Feature Models}},
  booktitle = FOSD,
  pages = {18--27},
  acmid = {3001870},
  publisher = ACM,
  keywords = {Configurable Software, Feature Model},
  tt-tags = {Feature Modeling,SPL Analysis,Compositionality},
  year = 2016
}

@inproceedings{TLSS:EuroSys11,
  author = {Tartler, Reinhard and Lohmann, Daniel and Sincero, Julio and Schr\"{o}der-Preikschat, Wolfgang},
  title = {{Feature Consistency in Compile-Time-Configurable System Software: Facing the Linux 10,000 Feature Problem}},
  booktitle = EuroSys,
  pages = {47--60},
  publisher = ACM,
  tt-tags = {Preprocessors,SPL Static Analysis},
  tc-tags = {classified by Christian+Thomas,family-specific analysis,family-based analysis,domain-independent specification,annotation-based implementation,source code / program,subsumed by none,CSUR14,PhD15,SAT},
  year = 2011
}

@inproceedings{MKR+:ICSE16,
  author = {Medeiros, Fl\'avio and K\"astner, Christian and Ribeiro, M\'arcio and Gheyi, Rohit and Apel, Sven},
  title = {{A Comparison of 10 Sampling Algorithms for Configurable Systems}},
  booktitle = ICSE,
  pages = {643--654},
  acmid = {2884793},
  tt-tags = {Sampling,Survey},
  tc-tags = {analysis method undefined,sample-based analysis,implementation independent,tool,evaluation},
  sampling-tags = {name=one-enabled,greedy,feature model,no coverage guarantee,open-source tool,evaluation,testing efficiency,effectiveness,compared to ICPL/configuration coverage/one-disabled/random sampling,combinations evaluated,evaluated with real faults,testing,SPLC18},
  sampling2-tags = {name=most-enabled-disabled,greedy,feature model,no coverage guarantee,open-source tool,evaluation,testing efficiency,effectiveness,compared to ICPL/configuration coverage/one-disabled/random sampling,combinations evaluated,evaluated with real faults,testing,SPLC18},
  publisher = ACM,
  year = 2016
}

@article{TAK+:CSUR14,
  author = {Th{\"u}m, Thomas and Apel, Sven and K{\"a}stner, Christian and Schaefer, Ina and Saake, Gunter},
  title = {{A Classification and Survey of Analysis Strategies for Software Product Lines}},
  journal = CSUR,
  volume = {47},
  number = {1},
  pages = {6:1--6:45},
  acmid = {2580950},
  publisher = ACM,
  tt-tags = {Survey,SPL Type Checking,SPL Theorem Proving,SPL Model Checking,SAT},
  year = 2014
}

%%%%%%%%%%%%%%%%%%%%%%%%%%%%% Conference Papers %%%%%%%%%%%%%%%%%%%%%%%%%%%%%%%%
@inproceedings{VAT+:SPLC18,
  author = {Varshosaz, Mahsa and Al-Hajjaji, Mustafa and Th\"um, Thomas and Runge, Tobias and Mousavi, Mohammad Reza and Schaefer, Ina},
  title = {{A Classification of Product Sampling for Software Product Lines}},
  booktitle = SPLC,
  pages = {1--13},
  acmid = {3233035},
  keywords = {domain models, feature interaction, sampling algorithms, software product lines, testing},
  publisher = ACM,
  tt-tags = {SPL Testing,Survey},
  year = 2018
}

@inproceedings{MNS+:SPLC17,
  author = {Jacopo Mauro and Michael Nieke and Christoph Seidl and Ingrid Chieh Yu},
  title = {{Anomaly Detection and Explanation in Context-Aware Software Product Lines}},
  booktitle = SPLC,
  pages = {18--21},
  publisher = ACM,
  tt-tags = {Explanation},
  tc-tags = {classified by Thomas,feature-model analysis,family-based analysis,implementation independent,specification independent,tool},
  year = 2017
}

@inproceedings{MWC:SPLC09,
  author = {Mendon\c{c}a, Marc{\'\i}lio and W\k{a}sowski, Andrzej and Czarnecki, Krzysztof},
  title = {{SAT-Based Analysis of Feature Models is Easy}},
  booktitle = SPLC,
  pages = {231--240},
  acmid = {1753267},
  publisher = SEI,
  tt-tags = {Feature Modeling,Random Feature Models},
  year = 2009
}

%%%%%%%%%%%%%%%%%%%%%%%%%%%%% Tech Reports      %%%%%%%%%%%%%%%%%%%%%%%%%%%%%%%%
@techreport{KAT:TR16,
  author = {Kowal, Matthias and Ananieva, Sofia and Th{\"u}m, Thomas},
  title = {{Explaining Anomalies in Feature Models}},
  institution = {TU Braunschweig},
  number = {2016-01},
  tt-tags = {Feature Modeling,FeatureIDE},
  year = 2016
}

@inproceedings{KKHL:FOSD10,
  author = {Kenner, Andy and K\"{a}stner, Christian and Haase, Steffen and Leich, Thomas},
  title = {{TypeChef: Toward Type Checking \#Ifdef Variability in C}},
  booktitle = FOSD,
  pages = {25--32},
  acmid = {1868693},
  publisher = ACM,
  tt-tags = {Preprocessors,SPL Type Checking,SPL Parsing},
  tc-tags = {classified by Christian+Thomas,type checking,family-based analysis,domain-independent specification,annotation-based implementation,source code / program,subsumed by none,compared to single product,CSUR14,PhD15},
  year = 2010
}

@article{LP:JSAT10,
  title = {{The Sat4j Library, Release 2.2}},
  author = {Le Berre, Daniel and Parrain, Anne},
  journal = JSAT,
  volume = {7},
  number = {2-3},
  pages = {59--64},
  year = 2010,
  publisher = IOS,
}
